<record><leader>00000cas a22000007a 4500</leader><controlfield tag="001">10722169</controlfield><controlfield tag="008">840512d19751984azuwr ne      0   a0eng d</controlfield><datafield ind1=" " ind2=" " tag="010"><subfield code="a">sn 94050888 </subfield></datafield><datafield ind1=" " ind2=" " tag="040"><subfield code="a">ATM</subfield><subfield code="b">eng</subfield><subfield code="c">ATM</subfield><subfield code="d">ANN</subfield><subfield code="d">OCL</subfield><subfield code="d">ANN</subfield><subfield code="d">OCLCQ</subfield><subfield code="d">OCLCF</subfield><subfield code="d">OCLCO</subfield></datafield><datafield ind1=" " ind2=" " tag="032"><subfield code="a">567840</subfield><subfield code="b">USPS</subfield></datafield><datafield ind1=" " ind2=" " tag="042"><subfield code="a">msc</subfield></datafield><datafield ind1=" " ind2=" " tag="043"><subfield code="a">n-us-az</subfield></datafield><datafield ind1=" " ind2=" " tag="092"><subfield code="a">071</subfield><subfield code="b">E13</subfield></datafield><datafield ind1="0" ind2="0" tag="245"><subfield code="a">Eastern Arizona courier and Graham County guardian.</subfield></datafield><datafield ind1="3" ind2="0" tag="246"><subfield code="a">Courier</subfield></datafield><datafield ind1="3" ind2="0" tag="246"><subfield code="a">Graham County guardian</subfield></datafield><datafield ind1=" " ind2=" " tag="260"><subfield code="a">Safford, Ariz. :</subfield><subfield code="b">Eastern Arizona Print. and Pub. Co.,</subfield><subfield code="c">1975-1984.</subfield></datafield><datafield ind1=" " ind2=" " tag="300"><subfield code="a">v. :</subfield><subfield code="b">ill.</subfield></datafield><datafield ind1=" " ind2=" " tag="310"><subfield code="a">Weekly</subfield></datafield><datafield ind1="0" ind2=" " tag="362"><subfield code="a">Vol. 10, no. 16 (Apr. 16, 1975)-v. 89, no. 29 (July 25, 1984).</subfield></datafield><datafield ind1=" " ind2=" " tag="515"><subfield code="a">Vol. 11 changes numbering to Vol. 81 on Aug. 4, 1976 with issue no. 31.</subfield></datafield><datafield ind1=" " ind2=" " tag="580"><subfield code="a">Merger of: Eastern Arizona courier (Safford, Ariz. : 1967), and: Graham County guardian (Safford, Ariz. : 1971).</subfield></datafield><datafield ind1=" " ind2="0" tag="651"><subfield code="a">Safford (Ariz.)</subfield><subfield code="v">Newspapers.</subfield></datafield><datafield ind1=" " ind2="0" tag="651"><subfield code="a">Graham County (Ariz.)</subfield><subfield code="v">Newspapers.</subfield></datafield><datafield ind1=" " ind2="7" tag="655"><subfield code="a">Newspapers.</subfield><subfield code="2">fast</subfield><subfield code="0">(OCoLC)fst01423814</subfield></datafield><datafield ind1=" " ind2="7" tag="651"><subfield code="a">Arizona</subfield><subfield code="z">Graham County.</subfield><subfield code="2">fast</subfield><subfield code="0">(OCoLC)fst01212049</subfield></datafield><datafield ind1=" " ind2="7" tag="651"><subfield code="a">Arizona</subfield><subfield code="z">Safford.</subfield><subfield code="2">fast</subfield><subfield code="0">(OCoLC)fst01216944</subfield></datafield><datafield ind1=" " ind2=" " tag="752"><subfield code="a">United States</subfield><subfield code="b">Arizona</subfield><subfield code="c">Graham</subfield><subfield code="d">Safford.</subfield></datafield><datafield ind1="1" ind2="4" tag="780"><subfield code="t">Graham County guardian (Safford, Ariz. : 1971)</subfield><subfield code="w">(DLC)sn 95060918</subfield></datafield><datafield ind1="1" ind2="4" tag="780"><subfield code="t">Eastern Arizona courier (Safford, Ariz. : 1967)</subfield><subfield code="w">(DLC)sn 94050889</subfield></datafield><datafield ind1="0" ind2="0" tag="785"><subfield code="t">Eastern Arizona courier (Safford, Ariz. : 1984)</subfield><subfield code="w">(DLC)sn 94050891</subfield><subfield code="w">(OCoLC)11760037</subfield></datafield></record>